@Article{chan.97,
  author = 	 {Aubert, G. and Vese, L.},
  title = 	 {A Variational Method in Image Recovery},
  journal = 	 {SIAM Journal on Numerical Analysis},
  volume =       34,
  publisher =    {Society for Industrial and Applied Mathematics},
  year = 	 1997,
  pages =        {1948--1979},
}

@Article{chan.01,
  author = 	 {Chan, T. and Vese, L.},
  title = 	 {Active Contours Without Edges},
  journal = 	 {IEEE Transactions on Image Processing},
  volume =       10,
  publisher =    {Institute of Electrical and Electronics Engineers},
  pages =        {266--277},
  year = 	 2001,
}

@Article{koe.99,
  author = 	 {Koenderink, J. and Van Doorn, A.},
  title = 	 {The Structure of Locally Orderless Images},
  journal = 	 {Internation Journal of Computer Vision},
  volume =       31,
  publisher =    {Kluwer Academic Publishers},
  year = 	 1999,
  pages =        {159--168},
}

@InProceedings{dar.11,
  title={Generalized partial volume: An inferior density estimator to parzen windows for normalized mutual information},
  author={Darkner, Sune and Sporring, Jon},
  booktitle={Information Processing in Medical Imaging},
  pages={436--447},
  year={2011},
  organization={Springer}
}

@Article{dar.12,
  title=         {Locally Orderless Registration},
  author=        {Darkner, Sune and Sporring, Jon},
  year=          {2012},
  publisher=     {IEEE}
}

@Article{the.00,
  author = 	 {Phillippe Thévenaz and Michael Unser},
  title = 	 {Optimization of Mutual Information for Multiresolution Image Registration},
  journal = 	 {IEEE Transactions on Image Processing},
  year = 	 2000,
  volume =       12,
  publisher =    {Institute of Electrical and Electronics Engineers},
  pages =        {2083--2099}
}

@Book{kin.02,
  author = 	 {David Kincaid and Ward Cheney},
  title = 	 {Numerical Analysis Nathematics of Scientific Computing},
  publisher = 	 {American Mathematical Society},
  year = 	 {2002}
}

@Article{suss.94,
  title={A level set approach for computing solutions to incompressible two-phase flow},
  author={Sussman, Mark and Smereka, Peter and Osher, Stanley},
  year={1994},
  publisher={Department of Mathematics, University of California, Los Angeles}
}


@InBook{holm.07,
  title={Introduction to numerical methods in differential equations},
  author={Holmes, Mark H},
  volume={52},
  chapter={6.2},
  year={2007},
  publisher={Springer Science+ Business Media}
}

@Book{fox.50,
  title={An introduction to the calculus of variations},
  author={Fox, Charles},
  year={1950},
  publisher={Courier Dover Publications}
}

@InBook{schilling.11,
  title={Measures, Integrals and Martingales},
  author={René Schilling},
  chapter={11},
  year={2011},
  publisher={Cambridge University Press}
}

@Book{hansen.09,
  title={Measure theory},
  author={Ernst Hansen},
  volume={4},
  year={2009},
  publisher={Department of Mathematical Sciences, University of Copenhagen}
}

@Article{parzen.62,
  title={On estimation of a probability density function and mode},
  author={Parzen, Emanuel},
  journal={The annals of mathematical statistics},
  volume={33},
  number={3},
  pages={1065--1076},
  year={1962},
  publisher={JSTOR}
}